@Article{delligatti1,
  author={Delli Gatti, Domenico and Guilmi, Corrado Di and Gaffeo, Edoardo and Giulioni, Gianfranco and Gallegati, Mauro and Palestrini, Antonio},
  title={{A new approach to business fluctuations: heterogeneous interacting agents, scaling laws and financial fragility}},
  journal={Journal of Economic Behavior \& Organization},
  year=2005,
  volume={56},
  number={4},
  pages={489-512},
  month={April}
}

@Article{barbieri,
  author={Fabio Barbieri},
  title={Complexity and the Austrians},
  journal={Filosofía de la Economia},
  year=2013,
  volume={1},
  number={1},
  pages={47-69},
  month={July}
}

@TechReport{blanchard1,
	author = {Olvier Blanchard},
	title = {Do DSGE Models Have a Future?},
	year = {2016},
	institution = {Peterson Institute for International Economics},
	type={Policy Brief},
  number={PB 16-11}
} 


@TechReport{romer1,
	author = {Paul Romer},
	title = {The Trouble With Macroeconomics},
	year = {2016},
	institution = {Stern School of Business, New York University}
}

@Article{howitt1,
  author={Howitt, Peter},
  title={{What have central bankers learned from modern macroeconomic theory?}},
  journal={Journal of Macroeconomics},
  year=2012,
  volume={34},
  number={1},
  pages={11-22},
  month={},
  keywords={Macro theory; DSGE; Inflation targeting; Financial stability; Agent-based computational economics}
}

@Book{colander1,
  author={David Colander and Roland Kupers},
  title={{Complexity and the Art of Public Policy: Solving Society’s Problems from the Bottom Up}},
  publisher={Princeton University Press},
  year=2014,
  number={10207},
  series={Economics Books}
}

@InCollection{leijon1,
  author={Leijonhufvud, Axel},
  editor={Leigh Tesfatsion and Kenneth L. Judd},
  title={{Agent-Based Macro}},
  booktitle={{Handbook of Computational Economics}},
  publisher={Elsevier},
  year=2006,
  volume={2},
  series={Handbook of Computational Economics},
  chapter={36},
  pages={1625-1637}
}

@Article{furtado,
  author={Bernardo Alves Furtado and Isaque Daniel Rocha Eberhardt},
  title={{A Simple Agent-Based Spatial Model of the Economy: Tools for Policy}},
  journal={Journal of Artificial Societies and Social Simulation},
  year=2016,
  volume={19},
  number={4},
  pages={1-12}
}

@TechReport{deissenberg1,
  author={Christophe Deissenberg and Sander Van Der Hoog and Herbert Dawid},
  title={{EURACE: A Massively Parallel Agent-Based Model of the European Economy}},
  year=2008,
  month=Nov,
  institution={HAL},
  type={Working Papers},
  number={halshs-00339756}
}

@book{helbing,
  year  = {2012},
  publisher = {Springer Berlin Heidelberg},
  editor = {Dirk Helbing},
  title = {Social Self-Organization}
}

@book{delligatti2,
  year  = {2011},
  publisher = {Springer Milan},
  author = {Delli Gatti, Domenico and Saul Desiderio and Edoardo Gaffeo and Pasquale Cirillo and Mauro Gallegati},
  title = {Macroeconomics from the Bottom-up}
}

@Article{dosi1,
  author={Giovanni Dosi and Giorgio Fagiolo and Andrea Roventini},
  title={{Schumpeter meeting Keynes: A policy-friendly model of endogenous growth and business cycles}},
  journal={Journal of Economic Dynamics and Control},
  year=2010,
  volume={34},
  number={9},
  pages={1748-1767},
  month={September}
}

@TechReport{dosi2,
  author={Giovanni Dosi and Giorgio Fagiolo and Mauro Napoletano and Andrea Roventini},
  title={{Income Distribution, Credit and Fiscal Policies in an Agent-Based Keynesian Model}},
  year=2012,
  month=Jan,
  institution={University of Verona, Department of Economics},
  type={Working Papers},
  number={03/2012}
}

@misc{ortega1,
Author = {Pedro A. Ortega and Daniel A. Braun and Justin Dyer and Kee-Eung Kim and Naftali Tishby},
Title = {Information-Theoretic Bounded Rationality},
Year = {2015},
Eprint = {arXiv:1512.06789},
}

@TechReport{tesfatsion1,
  author={Tesfatsion, Leigh},
  title={{Agent-Based Computational Economics: A Constructive Approach to Economic Theory}},
  year=2006,
  month=Jan,
  institution={Iowa State University, Department of Economics},
  type={Staff General Research Papers Archive},
  number={12514}}
  
@Article{delligatti3,
  author={Delli Gatti, Domenico and Edoardo Gaffeo and Mauro Gallegati and Antonio Palestrini},
  title={{The Apprentice Wizard: Montetary Policy, Complexity And Learning}},
  journal={New Mathematics and Natural Computation (NMNC)},
  year=2005,
  volume={1},
  number={01},
  pages={109-128}}
  
@InCollection{judd1,
  author={Judd, Kenneth L.},
  editor={Leigh Tesfatsion and Kenneth L. Judd},
  title={{Computationally Intensive Analyses in Economics}},
  booktitle={{Handbook of Computational Economics}},
  publisher={Elsevier},
  year=2006,
  volume={2},
  series={Handbook of Computational Economics},
  chapter={17},
  pages={881-893}
}

@TechReport{tesfatsion2,
  author={Tesfatsion, Leigh},
  title={{Elements of Dynamic Economic Modeling: Presentation and Analysis}},
  year=2014,
  month=Feb,
  institution={Iowa State University, Department of Economics},
  type={Staff General Research Papers Archive},
  number={37306}
} 

@TechReport{fagiolo1,
  author={Giorgio Fagiolo and Andrea Roventini},
  title={{Macroeconomic Policy in DSGE and Agent-Based Models}},
  year=2012,
  month=Feb,
  institution={University of Verona, Department of Economics},
  type={Working Papers},
  number={07/2012}
  }
  
@Article{fagiolo2,
  author={G. Fagiolo and G. Dosi and R. Gabriele},
  title={{Matching, Bargaining, And Wage Setting In An Evolutionary Model Of Labor Market And Output Dynamics}},
  journal={Advances in Complex Systems (ACS)},
  year=2004,
  volume={7},
  number={02},
  pages={157-186}}
  
@TechReport{ashraf1,
  author={Quamrul Ashraf and Boris Gershman and Peter Howitt},
  title={{Banks, Market Organization, and Macroeconomic Performance: An Agent-Based Computational Analysis}},
  year=2015,
  institution={American University, Department of Economics},
  type={Working Papers}}
  
@TechReport{riccetti,
  author={Riccetti, Luca and Russo, Alberto and Gallegati, Mauro},
  title={{An Agent Based Decentralized Matching Macroeconomic Model}},
  year=2012,
  month=Oct,
  institution={University Library of Munich, Germany},
  type={MPRA Paper},
  number={42211}}


@Article{garcia,
  author={Marcio Gomes Pinto Garcia and Tatiana Glindmeier Didier Brandao},
  title={{Taxa de Juros, Risco Cambial e Risco Brasil}},
  year=2003,
  journal={Pesquisa e Planejamento Econômico},
  volume={33},
  number={02}}

@Article{arida,
author = {Arida, Persio and Bacha, Edmar and Lara-Resende, André},
year = {2005},
month = {01},
pages = {},
title = {Credit, Interest, and Jurisdictional Uncertainty: Conjectures on the Case of Brazil}
}

@TechReport{muinhos,
  author={Marcelo Kfoury Muinhos and Márcio I. Nakane},
  title={{Comparing equilibrium real interest rates: different approaches to measure Brazilian rates}},
  year=2006,
  month=Mar,
  institution={Central Bank of Brazil, Research Department},
  type={Working Papers Series},
  number={101}
}

@TechReport{goncalves,
  author={Fernando M. Gonçalves and Márcio Holland and Andrei D. Spacov},
  title={{Can Jurisdictional Uncertainty And Capital Controls Explain The High Level Of Real Interest Rates In Brazil? Evidence From Panel Data}},
  year=2005,
  institution={ANPEC - Brazilian Association of Graduate Programs in Economics},
  type={Proceedings of the 33rd Brazilian Economics Meeting},
  number={028}
}

@TechReport{bacha1,
author = {Bacha, Edmar and M. Gonçalves, Fernando and Holland, Márcio},
year = {2008},
month = {02},
institution={International Monetary Fund},
type={Working Paper},
title = {Is Brazil Different? Risk, Dollarization, and Interest Rates in Emerging Markets}
}

@TechReport{bacha2,
author = {Bacha, Edmar},
year = {2010},
institution={Instituto de Estudos de Política Econômica - Casa das Garças},
type={Texto para Discussão},
title = {Além da Tríade: Há como reduzir os juros?},
number={017}
}

@TechReport{resende,
author = {Lara Resende, André},
year = {2011},
institution={Instituto de Estudos de Política Econômica - Casa das Garças},
type={Texto para Discussão},
title = {A Armadilha Brasileira},
number={019}
}


@TechReport{goldfajn,
author = {Ilan Goldfajn and Aurélio Bicalho},
year = {2011},
institution={Departamento de Pesquisa Macroeconômica - Itaú Unibanco},
type={Texto para Discussão},
title = {A Longa Travessia para a Normalidade: Os Juros Reais no Brasil},
number={02}
}

@TechReport{ubiergo,
author = {Alex Segura-Ubiergo},
year = {2012},
number = {062},
institution={International Monetary Fund},
type={Working Paper},
title = {The  Puzzle  of  Brazil's  High  Interest  Rates}
}

@Article{lopes,
author = {Francisco Lafaiete Lopes},
year = {2014},
number = {1},
volume = {34},
journal = {Brazilian  Journal  of  Political  Economy},
title = {On  high  interest  rates  in  Brazil}
}

@TechReport{reis,
  author={Balliester Reis, Thereza},
  title={{Why are policy real interest rates so high in Brazil? An analysis of the determinants of the Central Bank of Brazil's real interest rate}},
  year=2016,
  institution={Berlin School of Economics and Law, Institute for International Political Economy (IPE)},
  type={IPE Working Papers},
  number={80/2016}
}

@TechReport{mandel,
  author={Antoine Mandel},
  title={{Agent-based dynamics in the general equilibrium model}},
  year=2012,
  month=Sep,
  institution={HAL},
  type={Post-Print}}

@TechReport{dilaver,
  author={Özge Dilaver and Robert Jump and Paul Levine},
  title={{Agent-based Macroeconomics and Dynamic Stochastic General Equilibrium Models: Where do we go from here?}},
  year=2018,
  month=Jan,
  institution={School of Economics, University of Surrey},
  type={School of Economics Discussion Papers},
  number={0116}
}